<record><leader>00000cas a22000007a 4500</leader><controlfield tag="001">13578452</controlfield><controlfield tag="008">860516c19499999njuwr ne      0    0eng d</controlfield><datafield ind1=" " ind2=" " tag="010"><subfield code="a">sn 85035578 </subfield></datafield><datafield ind1=" " ind2=" " tag="040"><subfield code="a">NPA</subfield><subfield code="b">eng</subfield><subfield code="c">NPA</subfield><subfield code="d">NJW</subfield><subfield code="d">OCLCQ</subfield></datafield><datafield ind1=" " ind2=" " tag="042"><subfield code="a">msc</subfield></datafield><datafield ind1="0" ind2=" " tag="130"><subfield code="a">Press-journal (Englewood, N.J. : 1949)</subfield></datafield><datafield ind1="1" ind2="0" tag="245"><subfield code="a">Press-journal.</subfield></datafield><datafield ind1="3" ind2="0" tag="246"><subfield code="a">New press journal</subfield><subfield code="b">(Englewood ed.)</subfield></datafield><datafield ind1=" " ind2=" " tag="260"><subfield code="a">Englewood, N.J. :</subfield><subfield code="b">Palisades Pub.,</subfield><subfield code="c">1949-</subfield></datafield><datafield ind1=" " ind2=" " tag="300"><subfield code="a">v. :</subfield><subfield code="b">ill.</subfield></datafield><datafield ind1=" " ind2=" " tag="310"><subfield code="a">Weekly</subfield></datafield><datafield ind1="0" ind2=" " tag="362"><subfield code="a">Vol. 65, no. 25 (June 16, 1949)-</subfield></datafield><datafield ind1=" " ind2=" " tag="500"><subfield code="a">Published as: New press journal, Apr. 14, 1965.</subfield></datafield><datafield ind1=" " ind2=" " tag="752"><subfield code="a">United States</subfield><subfield code="b">New Jersey</subfield><subfield code="c">Bergen</subfield><subfield code="d">Englewood.</subfield></datafield><datafield ind1="0" ind2="0" tag="780"><subfield code="t">Press (Englewood, N.J. : 1948)</subfield><subfield code="w">(DLC)sn 85035577</subfield><subfield code="w">(OCoLC)13578346</subfield></datafield><datafield ind1="0" ind2="5" tag="780"><subfield code="t">Teaneck sun (1965)</subfield><subfield code="g">May 20, 1971</subfield><subfield code="w">(DLC)sn 86077154</subfield><subfield code="w">(OCoLC)13578027</subfield></datafield><datafield ind1="0" ind2="5" tag="780"><subfield code="t">Leonia life</subfield><subfield code="g">May 20, 1971</subfield><subfield code="w">(DLC)sn 84026650</subfield><subfield code="w">(OCoLC)10493461</subfield></datafield></record>